@misc{Agile,
    author = {Raluca},
    title = {{Agile Game Development â€“ A Quick Overview}},
    url = {https://marionettestudio.com/agile-game-development-quick-overview/},
    year = {2016},
    accessed = {2019-08-11}
}

@misc{Agiledev,
    author = {Clinton Keith},
    title = {{Agile Methodology in Game Development: Year 3}},
    url = {https://www.gdcvault.com/play/1013175/Agile-Methodology-in-Game-Development},
    year = {2006},
    accessed = {2019-08-11}
}

@misc{Lead,
    author = {James Hickey},
    title = {{What's The Difference Between A Senior And Lead Developer?}},
    url = {https://dev.to/jamesmh/whats-the-difference-between-a-senior-and-lead-developer-1pl2},
    year = {2019},
    accessed = {2019-08-11}
}

@misc{Leading,
    author = {Keanan Koppenhaver},
    title = {{Accidentally Becoming the Lead Developer}},
    url = {https://simpleprogrammer.com/accidentally-lead-developer/},
    year = {2018},
    accessed = {2019-08-11}
}

@misc{Prior,
    author = {Ruth Tomandl},
    title = {{How to Prioritize When Everything is Pri 1}},
    url = {https://api.playfab.com/blog/how-prioritize-when-everything-pri-1},
    year = {2015},
    accessed = {2019-08-11}
}

@misc{Priorities,
    author = {Maurycy Zarzycki},
    title = {{Priorities in Game Development}},
    url = {https://www.evidentlycube.com/blog/priorities-in-game-development},
    year = {2018},
    accessed = {2019-08-11}
}